
@book{quenet_quest-ce_2014,
	location = {Seyssel},
	title = {Qu'est-ce que l'histoire environnementale},
	isbn = {978-2-87673-958-1},
	series = {L'environnement a une histoire},
	pagetotal = {298},
	publisher = {Champ Vallon},
	author = {Quenet, Grégory},
	date = {2014},
	keywords = {Earth sciences, Environmental sciences, Environmentalism, History, \_nettoyé},
}

@book{jarrige_contamination_2017,
	location = {Paris},
	title = {La Contamination du monde. Une histoire des pollutions à l'âge industriel},
	isbn = {978-2-02-108576-1},
	series = {L'Univers historique},
	shorttitle = {La Contamination du monde},
	abstract = {Autrefois sources de nuisances locales circonscrites, les effets des activités humaines sur l’environnement se sont transformés en pollutions globales. Le climat se réchauffe, les mers s’acidifient, les espèces disparaissent, les corps s’altèrent : en rendre compte d’un point de vue historique permet de ne pas sombrer dans la sidération ni dans le découragement face à un processus qui semble devenu inéluctable. Car le grand mouvement de contamination du monde qui s’ouvre avec l’industrialisation est avant tout un fait social et politique, marqué par des cycles successifs, des rapports de force, des inerties, des transformations culturelles. En embrassant l’histoire des pollutions sur trois cents ans, à l’échelle mondiale, François Jarrige et Thomas Le Roux explorent les conflits et l’organisation des pouvoirs à l’âge industriel, mais aussi les dynamiques qui ont modelé la modernité capitaliste et ses imaginaires du progrès.},
	pagetotal = {480},
	publisher = {Le Seuil},
	author = {Jarrige, François and Le Roux, Thomas},
	date = {2017},
	keywords = {\_publication majeure, \_nettoyé},
}

@article{frioux_documenter_2020,
	title = {Documenter la transition environnementale urbaine : sources, méthodes, valorisation. Le cas de l’agglomération lyonnaise},
	volume = {59},
	issn = {1628-0482},
	url = {https://www.cairn.info/revue-histoire-urbaine-2020-3-page-179.htm},
	doi = {10.3917/rhu.059.0181},
	shorttitle = {Documenter la transition environnementale urbaine : sources, méthodes, valorisation},
	abstract = {Cet article s’appuie sur une expérience de prospection archivistique et de dépouillement des sources ainsi trouvées, dans le cadre d’une recherche collective, le
programme {ANR} {TRANSENVIR}. L’objectif initial était d’améliorer la compréhension de la place occupée par les villes françaises dans la montée, l’institutionnalisation et la mise en œuvre territoriale de politiques environnementales, au cours
d’une moyenne durée que l’on a choisi de qualifier de « transition environnementale ». Face à la collecte de matériaux très variés, et aux limites inhérentes aux
moyens humains de l’équipe, il a fallu opérer des choix thématiques et considérer
les moyens méthodologiques les plus propices à assurer une valorisation de l’atelier de l’historien, et des premiers résultats de l’analyse des sources.},
	pages = {179--199},
	number = {3},
	journaltitle = {Histoire urbaine},
	shortjournal = {Histoire urbaine},
	author = {Frioux, Stéphane},
	urldate = {2023-12-17},
	date = {2020},
	langid = {french},
	note = {Place: Paris
Publisher: Société française d'histoire urbaine},
	file = {Full Text PDF:/Users/charlotteberthier/Zotero/storage/UFRBG2ZR/Frioux - 2020 - Documenter la transition environnementale urbaine .pdf:application/pdf;Snapshot:/Users/charlotteberthier/Zotero/storage/79IA6DJY/revue-histoire-urbaine-2020-3-page-179.html:text/html},
}

@article{frioux_genese_2021,
	title = {Genèse et application de la loi de 1961 sur la pollution atmosphérique},
	rights = {All rights reserved},
	issn = {1954-3670},
	url = {https://journals.openedition.org/histoirepolitique/494},
	doi = {10.4000/histoirepolitique.494},
	abstract = {La loi de 1961 s’inscrit dans le prolongement d’une mobilisation d’acteurs qui, tous, cherchent à stimuler les pouvoirs publics. L’examen des débats parlementaires invite à interpréter le vote de cette loi comme une occasion manquée par les personnels de la santé publique qui s’étaient organisés depuis le milieu des années 1950, au profit des intérêts économiques du secteur énergétique. Les suites de la loi ont été décevantes, à travers une application limitée thématiquement, et géographiquement (Paris) jusqu’en 1974. Les hygiénistes se sont largement repliés sur le domaine de la mesure, et les intérêts industriels ont su peser politiquement pour éviter des textes trop restrictifs.},
	number = {43},
	journaltitle = {Histoire Politique. Revue du Centre d'histoire de Sciences Po},
	author = {Frioux, Stéphane},
	urldate = {2023-12-17},
	date = {2021-02-01},
	langid = {french},
	note = {Number: 43
Publisher: Centre d’histoire de Sciences Po},
	keywords = {France, années 1960, Cinquième République, débats parlementaires, histoire politique, intérêts industriels, loi, pollution atmosphérique},
	file = {Full Text PDF:/Users/charlotteberthier/Zotero/storage/X9RFCDQ9/Frioux - 2021 - Genèse et application de la loi de 1961 sur la pol.pdf:application/pdf},
}

@article{martinais_fonctions_2010,
	title = {Les fonctions sociales et politiques de l’étude de dangers dans le domaine des risques industriels},
	volume = {85},
	rights = {https://creativecommons.org/licenses/by-sa/4.0/},
	issn = {1627-4873},
	url = {https://journals.openedition.org/geocarrefour/8141},
	doi = {10.4000/geocarrefour.8141},
	abstract = {Cet article s’intéresse aux usages de l’étude de dangers dans le domaine de la prévention des risques industriels. Peu étudié, ce document technique est pourtant au fondement de toutes les procédures qui participent de cette politique publique (autorisation et contrôle des établissements à risques, information du public, planification des secours, maîtrise de l’urbanisation, etc.). Principale pourvoyeuse d’informations sur les situations à risques, l’étude de dangers contribue de diverses manières à la décision publique : outil de connaissance, elle est aussi une ressource de pouvoir pour les acteurs qui participent à son élaboration. Elle assure enfin d’utiles fonctions de régulation qui permettent aux acteurs de la prévention d’adapter leurs décisions aux contextes sociaux sur lesquels ils interviennent et renforcer ainsi l’efficacité de leurs actions. De ce point de vue, on peut dire que l’apport principal de l’étude de dangers n’est pas de donner une représentation juste ou objective du risque, mais de faciliter la mise en œuvre de l’action publique.},
	pages = {293--301},
	number = {4},
	journaltitle = {Géocarrefour},
	author = {Martinais, Emmanuel},
	urldate = {2023-12-15},
	date = {2010-12-11},
	langid = {french},
	note = {Number: 4
Publisher: Association des amis de la Revue de Géographie de Lyon},
	keywords = {décision publique, étude de dangers, politique de prévention, risques industriels, \_nettoyé},
	file = {Full Text PDF:/Users/charlotteberthier/Zotero/storage/7ZID9E7R/Martinais - 2010 - Les fonctions sociales et politiques de l’étude de.pdf:application/pdf},
}

@article{maignant_dispersion_2007,
	title = {Dispersion de polluants et morphologie urbaine},
	volume = {36},
	issn = {0046-2497},
	url = {https://www.cairn.info/revue-espace-geographique-2007-2-page-141.htm},
	doi = {10.3917/eg.362.0141},
	abstract = {{RésuméLes} problèmes de pollution de l’air à l’échelle intra-urbaine ont été très peu traités en géographie, en particulier, l’influence de la forme urbaine sur la répartition des amas de polluants est méconnue. Notre approche consiste à évaluer l’influence de la morphologie urbaine sur la répartition spatiale des polluants et à mettre en place des indicateurs pertinents capables de restituer cette information. Une nouvelle interprétation des dimensions fractales est ainsi développée, permettant d’introduire la complexité des flux de polluants en milieu urbain.},
	pages = {141--154},
	number = {2},
	journaltitle = {L’Espace géographique},
	shortjournal = {L’Espace géographique},
	author = {Maignant, Gilles},
	urldate = {2023-12-15},
	date = {2007},
	langid = {french},
	note = {Place: Paris
Publisher: Belin},
	keywords = {dimension fractale, durabilité urbaine, émission, morphologie urbaine, pollution de l'air, \_nettoyé},
	file = {Full Text PDF:/Users/charlotteberthier/Zotero/storage/JG9QYKB9/Maignant - 2007 - Dispersion de polluants et morphologie urbaine.pdf:application/pdf},
}

@article{jarrige_origine_2022,
	title = {Origine et signification du mot « industrie »},
	rights = {https://creativecommons.org/licenses/by-nc-nd/4.0/},
	issn = {2273-0753},
	url = {https://journals.openedition.org/artefact/13334},
	doi = {10.4000/artefact.13334},
	abstract = {Le mot « industrie » est particulièrement ambivalent : jusqu’au début du xixe siècle, il renvoyait d’abord au fait de réaliser une chose avec application et habileté, puis, peu à peu, il en est venu à désigner la grande production lourde, associée aux bassins charbonniers, et la production en masse de marchandises de plus en plus standardisées. Durant l’entre-deux-guerres, marquée à la fois par l’accélération de l’industrialisation et les crises du capitalisme, le sens du mot fait débat parmi les historiens comme Henri Sée, Henri Hauser ou Paul Harsin, qui inventent l’histoire économique. Entre recherche érudite et débats sur le rôle et les méthodes de l’historien, la querelle sémantique sur le mot « industrie » traverse l’écriture de l’histoire alors que s’imposent les politiques de reconstruction et de relance, et que le visage de l’industrie se transforme au milieu de vifs conflits sociaux.},
	pages = {265--283},
	number = {17},
	journaltitle = {Artefact. Techniques, histoire et sciences humaines},
	author = {Jarrige, François},
	urldate = {2023-12-15},
	date = {2022-11-25},
	langid = {french},
	note = {{ISBN}: 9791034401383
Number: 17
Publisher: Presses universitaires du Midi},
	keywords = {historiographie, controverse, entre-deux-guerres, industrialisation},
	file = {Full Text PDF:/Users/charlotteberthier/Zotero/storage/4YST7X7S/Jarrige - 2022 - Origine et signification du mot « industrie ».pdf:application/pdf},
}

@incollection{barles_lurbain_2020,
	location = {Paris},
	title = {L’urbain, un objet socio-écologique ?},
	rights = {https://www.openedition.org/12554},
	isbn = {978-2-271-13562-9},
	url = {https://books.openedition.org/editionscnrs/37088},
	series = {Hors collection},
	pages = {141--159},
	booktitle = {Pour la recherche urbaine},
	publisher = {{CNRS} Éditions},
	author = {Barles, Sabine and Abbadie, Luc and Lehec, Élisabeth and Paddeu, Flaminia and Thébault, Emma},
	editor = {Adisson, Félix and Blanc, Nathalie and Coutard, Olivier and Frouillou, Leïla and Rassat, Fanny},
	urldate = {2024-01-09},
	date = {2020},
	langid = {french},
	doi = {10.4000/books.editionscnrs.37088},
	note = {Code: Pour la recherche urbaine},
	keywords = {\_lu},
}

@book{frioux_france_2021,
	location = {Ceyzérieu},
	title = {Une France en transition: urbanisation, risques environnementaux et horizon écologique dans le second {XXe} siècle},
	isbn = {979-10-267-0913-8},
	series = {L'environnement a une histoire},
	shorttitle = {Une France en transition},
	publisher = {Champ Vallon},
	author = {Frioux, Stéphane and Lussault, Michel},
	date = {2021},
}

@book{fournier_amenagement_2016,
	location = {Rennes},
	title = {Aménagement et environnement: perspectives historiques},
	isbn = {978-2-7535-5032-2},
	url = {https://books.openedition.org/pur/44409?lang=fr},
	series = {Histoire},
	shorttitle = {Aménagement et environnement},
	publisher = {Presses universitaires de Rennes},
	author = {Fournier, Patrick and Massard-Guilbaud, Geneviève},
	date = {2016},
	keywords = {\_nettoyé},
}

@article{barles_ecologie_2017,
	title = {Écologie territoriale et métabolisme urbain : quelques enjeux de la transition socioécologique},
	volume = {Décembre},
	issn = {0180-7307},
	url = {https://www.cairn.info/revue-d-economie-regionale-et-urbaine-2017-5-page-819.htm},
	doi = {10.3917/reru.175.0819},
	shorttitle = {Écologie territoriale et métabolisme urbain},
	abstract = {L’écologie territoriale permet de caractériser les régimes socioécologiques locaux, dont l’expression est le métabolisme territorial, ensemble des flux d’énergie et de matières mis en jeu par le fonctionnement des sociétés humaines ; elle contribue par là aux discussions sur la transition socioécologique. Posant la dématérialisation comme l’un des objectifs majeurs de cette transition, et après avoir décrit les spécificités du métabolisme urbain, cet article aborde les enjeux qui en découlent dans le cas particulier des villes, en traitant successivement des matières minérales, des éléments biogènes et des relations interterritoriales. Il insiste sur les limites du recyclage tout en mettant l’accent sur l’importance des mines urbaines pour certains matériaux ; sur la nécessaire réinscription des villes dans les grands cycles biogéochimiques ; enfin sur les externalités matérielles urbaines que les politiques locales ne devraient pas ignorer.},
	pages = {819--836},
	number = {5},
	journaltitle = {Revue d’Économie Régionale \& Urbaine},
	shortjournal = {Revue d’Économie Régionale \& Urbaine},
	author = {Barles, Sabine},
	urldate = {2024-01-21},
	date = {2017},
	langid = {french},
	note = {Place: Paris
Publisher: Armand Colin},
	keywords = {\_lu, \_nettoyé, dématérialisation, écologie territoriale, flux de matières et d’énergie, métabolisme urbain, transition socioécologique},
	file = {Full Text PDF:/Users/charlotteberthier/Zotero/storage/I3KZJ6R9/Barles - 2017 - Écologie territoriale et métabolisme urbain  quel.pdf:application/pdf;Snapshot:/Users/charlotteberthier/Zotero/storage/L2RQKNFD/revue-d-economie-regionale-et-urbaine-2017-5-page-819.html:text/html},
}

@article{verdier_question_2018,
	title = {La question des échelles en géohistoire. Les bureaux de la poste aux lettres du {XVIIIe} siècle à nos jours},
	rights = {https://creativecommons.org/licenses/by/4.0/},
	issn = {1278-3366},
	url = {https://journals.openedition.org/cybergeo/29116},
	doi = {10.4000/cybergeo.29116},
	abstract = {Partant d’une pratique de la recherche qui revient depuis des années sur la question de l’usage des échelles dans des travaux géohistoriques, ce texte propose une réflexion sur les jeux d’échelle, en même temps que sur la question du {MAUP} (modifiable areal unit problem). Il s’agit, en s’intéressant à l’histoire de la répartition des bureaux de poste en France durant les trois derniers siècles, de tenter de placer le questionnement sur l’échelle au même niveau que ceux relatifs à l’espace et au temps lorsque l’on étudie des faits sociaux. Dans ce cadre, nous proposons de passer par l’idée de « profils scalaires évolutifs », non seulement pour insister sur la nécessaire variation des échelles dans l’analyse des phénomènes spatio-temporels, mais encore pour tenter de définir des gabarits spatiaux évolutifs pour permettre la compréhension la plus ample possible de processus.},
	journaltitle = {Cybergeo: European Journal of Geography},
	author = {Verdier, Nicolas and Chalonge, Ludovic},
	urldate = {2024-01-31},
	date = {2018-04-26},
	langid = {french},
	note = {Publisher: {CNRS}-{UMR} Géographie-cités 8504},
	keywords = {échelle, géohistoire, spatio-temporel, \_nettoyé, \_lu},
	file = {Version soumise:/Users/charlotteberthier/Zotero/storage/XKCACK7D/Verdier et Chalonge - 2018 - La question des échelles en géohistoire. Les burea.pdf:application/pdf},
}

@article{locher_climat_2010,
	title = {Le climat fragile de la modernité},
	url = {https://laviedesidees.fr/Le-climat-fragile-de-la-modernite},
	abstract = {L'homme est-il responsable du changement climatique ? Cette question est tout sauf récente, argumentent deux historiens, Jean-Baptiste Fressoz et Fabien Locher. Les modernes n'ont pas attendu le début du {XXIe} siècle pour réfléchir aux conséquences des activités humaines sur l'environnement. « On pourrait fixer le début de l'Anthropocène à la dernière partie du {XVIIIe} siècle : à ce moment-là, les analyses de l'air emprisonné dans les glaces polaires montrent le début de l'augmentation des concentrations (...)},
	journaltitle = {La Vie des idées},
	author = {Locher, Fabien and {Fressoz, Jean-Baptiste}},
	urldate = {2024-02-13},
	date = {2010-04-20},
	langid = {french},
	note = {Publisher: La Vie des idées},
	keywords = {\_nettoyé},
	file = {Snapshot:/Users/charlotteberthier/Zotero/storage/PUJ9825D/Le-climat-fragile-de-la-modernite.html:text/html},
}

@article{le_roux_polluants_2023,
	title = {Les polluants éternels ne sont pas intemporels},
	url = {https://www.terrestres.org/2023/03/27/les-polluants-eternels-ne-sont-pas-intemporels/},
	journaltitle = {Terrestres},
	author = {Le Roux, Thomas},
	urldate = {2024-02-19},
	date = {2023-03-27},
	langid = {french},
	keywords = {industrie, pollution, industrialisation, \_nettoyé, \_lu, pfas},
}

@book{lette_debordements_2013,
	location = {Rennes},
	title = {Débordements industriels : Environnement, territoire et conflit ({XVIIIe}-{XXIe} siècle)},
	rights = {https://www.openedition.org/12554},
	isbn = {978-2-7535-6934-8},
	url = {https://books.openedition.org/pur/111245},
	series = {Histoire},
	shorttitle = {Débordements industriels},
	abstract = {Les liaisons parfois dangereuses que les activités humaines entretiennent avec l’environnement marquent fortement l’expansion de l’industrie depuis le {XVIIIe} siècle. Dans cet ouvrage, historiens, sociologues, politistes et anthropologues croisent différentes propositions de lecture des conflits provoqués hier et aujourd’hui par les impacts environnementaux de la production passée en France et en Belgique francophone. Partant plus particulièrement des débordements industriels et de leurs contestations, les auteurs préconisent d’élargir l’histoire de la régulation des risques, nuisances et pollutions industrielles à celle, résolument plus transversale, de la conflictualité environnementale. Dans cette optique, chaque texte approfondit l’analyse d’un ou de plusieurs des modes d’existence de ces débordements industriels dans la cité, en abordant ou combinant quelques-uns des questionnements spécifiques au domaine de la conflictualité environnementale : nature des enjeux et jeux d’acteurs, statuts et fonctions des territoires, dispositifs à l’origine des débordements et de leur contestation, processus d’émergence du conflit et de sa résolution, négociations à l’œuvre, modalités d’expertise et de qualification, répertoires d’actions et grammaires de la protestation, temporalités et temps du conflit, asymétries des rapports et structures de domination locale… Les perspectives dressées par ces études ne forment toutefois pas le livre noir de l’industrie. Partant de cas concrets, en s’appuyant sur des travaux de terrain et l’exploitation minutieuse des archives, la proposition invite au contraire à dépasser la seule vision antagoniste du conflit impliquant une opposition entre des catégories d’acteurs et des frontières stables et suggère de dénouer les intrications complexes entre logiques de production et contraintes environnementales, l’une et l’autre s’avérant finalement toujours l’objet de négociations permanentes entre intérêts contradictoires.},
	pagetotal = {402},
	publisher = {Presses universitaires de Rennes},
	author = {Letté, Michel and {Le Roux, Thomas}},
	urldate = {2024-02-19},
	date = {2013},
	keywords = {\_nettoyé, environnement, histoire industrielle, industrie, relu, territoire},
}

@article{legaut_anthropocene_2016,
	title = {Anthropocène ou Capitalocène? Quelques pistes de réflexion},
	url = {https://revuelespritlibre.org/anthropocene-ou-capitalocene-quelques-pistes-de-reflexion},
	shorttitle = {Anthropocène ou Capitalocène?},
	journaltitle = {Revue L'Esprit libre},
	author = {Legaut, Frédéric},
	urldate = {2024-02-20},
	date = {2016-06-12},
	langid = {french},
	keywords = {\_nettoyé},
}

@book{barles_sabine_invention_2005,
	title = {L'invention des déchets urbains, France : 1790-1970},
	isbn = {978-2-87673-417-3},
	series = {Milieux},
	shorttitle = {L'invention des déchets urbains},
	abstract = {En France, les municipalités produisent aujourd’hui 47 millions de tonnes de déchets par an ; elles consomment environ 6 milliards de mètres cubes d’eau et produisent à peu près la même quantité d’eaux usées. Les villes consomment donc beaucoup et perdent presque autant. Elles constitueraient, selon l’écologue Eugen Odum, des écosystèmes parasites, vivant au détriment des autres tout en affectant le fonctionnement biogéochimique de la biosphère.
Déchets et eaux usées sont d’excellents traceurs des relations qu’entretiennent les sociétés et la nature et permettent de s’interroger sur la permanence du parasitisme urbain — question d’importance au regard des enjeux du développement durable. Une première analyse laisserait penser que l’industrialisation et l’urbanisation caractéristiques des deux derniers siècles ont renforcé le rôle destructeur des villes et la production de déchets de toutes natures : le déchet serait en quelque sorte consubstantiel à la ville.
Sabine Barles revient ici sur cette hypothèse en montrant que l’invention des déchets urbains est relativement récente. L’analyse et l’exploitation du cycle des matières furent en effet déterminantes au cours de la première révolution industrielle. Leur circulation de la maison à la rue, de la rue et de la fosse d’aisances à l’usine ou au champ contribua au premier essor de la consommation urbaine. Scientifiques, industriels, agriculteurs – parfois confondus – regardèrent la ville comme une mine de matières premières et participèrent, aux côtés des adminstrations municipales, des services techniques et des chiffonniers, à la réalisation d’un projet urbain visant à ne rien laisser perdre, projet garant de la salubrité urbaine, du dynamisme économique et de la survie alimentaire.
Ce n’est que lorsque industrie et agriculture purent se passer de la ville qu’elles lui abandonnèrent ses excreta au profit d’autres matières premières plus abondantes, plus rentables, plus commodes. De fait on assiste, à partir des années 1880, à une dévalorisation progressive des excreta urbains qui se feront plus tard déchets et eaux usées, malgré les tentatives faites çà et là pour leur trouver de nouveaux débouchés. Chimistes et agronomes se détournèrent de la ville qui échappa dès lors à leurs compétences.
La ville, principal lieu d’une consommation dont elle avait dans un premier temps permis l’essor, rompait ses liens matériels avec l’agriculture et l’industrie et devenait ce que dénonçaient les premiers écologues urbains : un parasite.},
	pagetotal = {304},
	publisher = {Champ Vallon},
	author = {{Barles, Sabine}},
	date = {2005},
	keywords = {\_nettoyé},
}

@book{malm_fossil_2016,
	location = {London, New York},
	title = {Fossil capital : the rise of steam power and the roots of global warming},
	isbn = {978-1-78478-129-3},
	pagetotal = {488},
	publisher = {Verso},
	author = {Malm, Andreas},
	date = {2016},
	langid = {english},
	keywords = {\_nettoyé},
	file = {Description\: Fossil capital:/Users/charlotteberthier/Zotero/storage/TA62SYAM/Description.html:text/html},
}

@article{barles_metabolisme_2018,
	title = {Métabolisme urbain, transitions socio-écologiques et relations ville-campagne},
	volume = {236},
	issn = {0245-9442},
	url = {https://www.cairn.info/revue-pour-2018-4-page-49.htm},
	doi = {10.3917/pour.236.0049},
	abstract = {Économie circulaire et relations ville-campagne, deux immenses champs d’investigation pour la recherche et l’action politique ou citoyenne. En croisant ces deux enjeux nous avons choisi de centrer ce dossier sur un nouveau défi territorial : celui de (re)penser et (re)lier les flux et les échanges au sein de territoires qui pour la plupart (intercommunalités en particulier) associent ville(s) et campagne dans une même gouvernance, mais le plus souvent sans conscience d’un métabolisme territorial. Parmi les circularités à (ré)inventer nous avons choisi d’observer la récupération de matières de la ville par les campagnes et la production d’éco-matériaux par la campagne pour la ville. Une remise en proximité qui se heurte aux logiques de l’économie linéaire et des villes hors-sol, mais qui dessine les prémices d’un nécessaire fonctionnement social-écologique des territoires.},
	pages = {49--54},
	number = {4},
	journaltitle = {Pour},
	shortjournal = {Pour},
	author = {Barles, Sabine},
	urldate = {2024-02-25},
	date = {2018},
	langid = {french},
	note = {Place: Paris
Publisher: {GREP}},
	keywords = {\_lu, \_nettoyé},
	file = {Full Text PDF:/Users/charlotteberthier/Zotero/storage/E389HSH5/Barles - 2018 - Métabolisme urbain, transitions socio-écologiques .pdf:application/pdf;Snapshot:/Users/charlotteberthier/Zotero/storage/QMB9APWZ/revue-pour-2018-4-page-49.html:text/html},
}

@book{collectif_dictionnaire_2024,
	edition = {{CNRS} Editions},
	title = {Dictionnaire critique de l'anthropocène},
	isbn = {978-2-271-12427-2},
	series = {{CNRS} Dictionnaires},
	abstract = {Si les changements environnementaux liés à l’humanité ne font aucun doute, leur ampleur et leurs conséquences ne sont pas si faciles à évaluer. Pour le savant, il s’agit d’établir les liens de causalité et les impacts avec le plus de précision possible, puis de poser un diagnostic. Le présent dictionnaire s’appuie sur le concept récent d’« anthropocène », qui a le mérite, qu’on l’approuve ou non, de relancer la réflexion sur les rapports entre nature et société, entre constat scientifique et action politique, à travers une approche spatiale et territoriale. Procédant de façon critique, et fruit d’une démarche collective, cette vaste entreprise éditoriale se fonde sur une pratique de terrain, attentive aux détails et méfiante à l’égard des discours pré-établis.
Parmi les 330 notices, plusieurs thèmes sont au cœur des débats contemporains (biodiversité, changement climatique…), d’autres se réfèrent à des courants de pensée (écoféminisme, transhumanisme…). Les concepts mobilisés abordent des questions politiques (capitalocène, justice environnementale…), philosophiques (catastrophes, Gaïa…), ou épistémologiques (finitude, population…). Des notions classiques sont réinterrogées (nature, ressource…), tandis que des concepts sont précisés (biosphère, écosystème…).
D’autres notices discutent de mécanismes environnementaux (érosion, tsunami…), de pratiques récentes (agroécologie, ville durable…), de phénomènes territorialisés (déforestation, désertification…) ou d’artefacts (aéroport, autoroute…). Certaines examinent des lieux emblématiques (Amazonie, Fukushima…). D’autres, enfin, offrent un regard original sur l’anthropocène, sa faune (chien, ours…), ses mutations socio-économiques, institutionnelles ou politiques (biopiraterie, {ZAD}…).},
	pagetotal = {944},
	author = {{Collectif}},
	date = {2024-06-04},
	langid = {french},
	keywords = {environnement, écologie, \_nettoyé, société, sciences de la Terre},
}

@article{bas_systeme_2024,
	title = {Le système d'information sur les sols de France: capitaliser, analyser, diffuser, aller vers l'open data},
	abstract = {{THE} {FRENCH} {SOIL} {INFORMATION} {SYSTEM}: Capitalize, analyze, disseminate, move towards open data The Scientific Interest Group on soil ({GIS} Sol) was created in 2001 with the mission of designing and coordinating the inventory and monitoring of soils in France. This mission requires capitalizing existing or newly produced data in databases, analyzing them, producing new knowledge and bringing data and knowledge to the attention of users. This article briefly describes the databases and their associated tools for the main data acquisition programmes of the {GIS} Sol. Then the work of analyzing these data to produce statistics and predictions on soil properties is presented. Finally, the tools and developments for consultation and dissemination of soil data are described. This panorama of tools currently available or under development shows the importance of the efforts made by {GIS} Sol since 2001.},
	journaltitle = {Etude et Gestion des Sols},
	author = {Bas, Christine Le and Brossard, Michel and Brunet, Jean-François and Commagnac, Loïc and Beaudou, A and Belbèze, Stéphane and Bellifa, Maxime and Boukir, Hakima and Dalmasso, Marine and Derrière, Nathalie and Lattelais, Clément and Martret, H Le and Lehmann, Sébastien and Pickel, Alain and Richer-De-Forges, Anne C and Saby, Nicolas P A and Schellenberger, Antoine and Taffoureau, Etienne and Toutain, Benoit and Wurpillot, Stéphanie and Yahiaoui, Rachid},
	date = {2024},
	langid = {french},
	keywords = {\_nettoyé},
	file = {Bas et al. - 2024 - Le système d'information sur les sols de France c.pdf:/Users/charlotteberthier/Zotero/storage/TQDGY9Z5/Bas et al. - 2024 - Le système d'information sur les sols de France c.pdf:application/pdf},
}

@book{guillerme_dangereux_2004,
	location = {Seyssel},
	title = {Dangereux, insalubres et incommodes: paysages industriels en banlieue parisienne, {XIXe}-{XXe} siècles},
	isbn = {978-2-87673-409-8},
	series = {Collection Milieux},
	shorttitle = {Dangereux, insalubres et incommodes},
	pagetotal = {343},
	publisher = {Champ Vallon},
	author = {Guillerme, André and Lefort, Anne-Cécile and Jigaudon, Gérard},
	date = {2004},
	keywords = {History, France, Environmental aspects History, France Paris, Industrial policy, Industries, Pollution, Urban ecology (Sociology), \_nettoyé},
}

@book{massard-guilbaud_genevieve_histoire_2010,
	location = {Paris},
	title = {Histoire de la pollution industrielle: France, 1789-1914},
	isbn = {978-2-7132-2237-5},
	series = {En temps \& lieux},
	shorttitle = {Histoire de la pollution industrielle},
	pagetotal = {403},
	number = {17},
	publisher = {Éditions de l'École des hautes études en sciences sociales},
	author = {{Massard-Guilbaud, Geneviève}},
	date = {2010},
	note = {{OCLC}: ocn643009221},
	keywords = {France, Environmental aspects History, 19th century, Air, Air quality management, Government policy History, Industrialization, Pollution History, \_nettoyé},
}

@book{adisson_felix_pour_2020,
	location = {Paris},
	title = {Pour la recherche urbaine},
	isbn = {978-2-271-13260-4},
	publisher = {{CNRS} éditions},
	author = {{Adisson, Félix} and {Barles, Sabine} and {Blanc, Nathalie} and {Coutard, Olivier} and {Frouillou, Leïla} and {Rassat, Fanny}},
	date = {2020},
	keywords = {\_nettoyé},
}

@collection{barles_sol_1999,
	location = {Paris},
	title = {Le sol urbain},
	isbn = {978-2-7178-3903-6},
	series = {Collection villes},
	pagetotal = {278},
	publisher = {Anthropos},
	editor = {Barles, Sabine},
	date = {1999},
	keywords = {\_publication majeure, \_nettoyé},
}

@book{bernhardt_demon_2002,
	location = {Clermont-Ferrand},
	title = {Le démon moderne : la pollution dans les sociétés urbaines et industrielles d'Europe},
	isbn = {978-2-84516-180-1},
	series = {Histoires croisées},
	shorttitle = {Le démon moderne},
	abstract = {Massard-Guilbaud, Geneviève},
	pagetotal = {465},
	publisher = {Presses Universitaires Blaise-Pascal},
	author = {Bernhardt, Christoph},
	date = {2002},
	keywords = {\_nettoyé},
}

@collection{lascoumes_gouverner_2007,
	location = {Paris},
	edition = {Réimpr},
	title = {Gouverner par les instruments},
	isbn = {978-2-7246-0949-3},
	series = {Gouvernances},
	pagetotal = {370},
	publisher = {Sciences Po},
	editor = {Lascoumes, Pierre and {Legalès, Patrick}},
	date = {2007},
}

@article{rockstrom_safe_2009,
	title = {A safe operating space for humanity},
	volume = {461},
	rights = {2009 Springer Nature Limited},
	issn = {1476-4687},
	url = {https://www.nature.com/articles/461472a},
	doi = {10.1038/461472a},
	abstract = {Identifying and quantifying planetary boundaries that must not be transgressed could help prevent human activities from causing unacceptable environmental change, argue Johan Rockström and colleagues.},
	pages = {472--475},
	number = {7263},
	journaltitle = {Nature},
	author = {Rockström, Johan and Steffen, Will and Noone, Kevin and Persson, Åsa and Chapin, F. Stuart and Lambin, Eric F. and Lenton, Timothy M. and Scheffer, Marten and Folke, Carl and Schellnhuber, Hans Joachim and Nykvist, Björn and de Wit, Cynthia A. and Hughes, Terry and van der Leeuw, Sander and Rodhe, Henning and Sörlin, Sverker and Snyder, Peter K. and Costanza, Robert and Svedin, Uno and Falkenmark, Malin and Karlberg, Louise and Corell, Robert W. and Fabry, Victoria J. and Hansen, James and Walker, Brian and Liverman, Diana and Richardson, Katherine and Crutzen, Paul and Foley, Jonathan A.},
	urldate = {2024-03-11},
	date = {2009-09},
	langid = {english},
	note = {Publisher: Nature Publishing Group},
	keywords = {Humanities and Social Sciences, multidisciplinary, Science},
	file = {Full Text PDF:/Users/charlotteberthier/Zotero/storage/5NAMXCXH/Rockström et al. - 2009 - A safe operating space for humanity.pdf:application/pdf},
}

@book{le_roux_laboratoire_2011,
	location = {Paris},
	title = {Le laboratoire des pollutions industrielles: Paris, 1770-1830},
	isbn = {978-2-226-20886-6},
	series = {Collection "L'Évolution de l'humanité"},
	shorttitle = {Le laboratoire des pollutions industrielles},
	pagetotal = {544},
	publisher = {Albin Michel},
	author = {Le Roux, Thomas},
	date = {2011},
	keywords = {History, Environmental aspects History, France Paris, Industries, Pollution, Environmental policy, \_nettoyé},
}

@book{charvet_sols_2024,
	location = {Paris},
	title = {Sols urbains, environnement et santé: repenser les usages},
	isbn = {978-2-7592-3684-8},
	shorttitle = {Sols urbains, environnement et santé},
	publisher = {Quae},
	editora = {Charvet, Ronald and Mougin, Christian and {Rémy, Elisabeth}},
	editoratype = {collaborator},
	date = {2024},
	note = {{OCLC}: 1417476022},
	keywords = {\_nettoyé, \_lu},
}

@article{wenz-dumas_pollution_nodate,
	title = {Pollution aux hydrocarbures dans le sous-sol du site du Grand Stade},
	url = {https://www.liberation.fr/libe-3-metro/1995/02/28/pollution-aux-hydrocarbures-dans-le-sous-sol-du-site-du-grand-stade_121819/},
	journaltitle = {Libération},
	author = {Wenz-Dumas, François},
	urldate = {2024-05-20},
	langid = {french},
	note = {Section: Société},
	file = {Snapshot:/Users/charlotteberthier/Zotero/storage/U8BA5GWY/pollution-aux-hydrocarbures-dans-le-sous-sol-du-site-du-grand-stade_121819.html:text/html},
}

@article{fressoz_decret_2011,
	title = {Le décret de 1810 : la libéralisation des « choses environnantes »:},
	volume = {N° 62},
	issn = {1268-4783},
	url = {https://www.cairn.info/revue-responsabilite-et-environnement1-2011-2-page-16.htm?ref=doi},
	doi = {10.3917/re.062.0016},
	shorttitle = {Le décret de 1810},
	abstract = {Le décret de 1810 est la traduction de la volonté de l’époque de favoriser l’industrialisation de la France. Il instaure une régulation à la fois administrative et libérale, fondée sur l’autorisation administrative et le recours aux juridictions civiles pour régler les conflits avec les riverains. L’une de ses conséquences (souvent méconnue) est la libéralisation de l’environnement, comprise comme la possibilité reconnue aux industriels de compenser financièrement les dommages résultant de leurs activités. La nature financière de la régulation environnementale instaurée par le décret n’est pas si éloignée de celle qui prévaut aujourd’hui : la nature a un prix ou, du moins, il faut lui en donner un pour permettre la détermination d’un niveau économiquement « idéal » de pollution.},
	pages = {16--22},
	number = {2},
	journaltitle = {Annales des Mines - Responsabilité et environnement},
	author = {Fressoz, Jean-Baptiste},
	urldate = {2024-05-20},
	date = {2011-04-01},
	langid = {french},
	keywords = {\_nettoyé},
	file = {Fressoz - 2011 - Le décret de 1810  la libéralisation des « choses.pdf:/Users/charlotteberthier/Zotero/storage/P2TYBR55/Fressoz - 2011 - Le décret de 1810  la libéralisation des « choses.pdf:application/pdf},
}

@article{bontinck_stade_2016,
	edition = {Le Parisien},
	title = {Le Stade de France a remplacé les usines à gaz de Saint-Denis(93)},
	url = {https://www.leparisien.fr/seine-et-marne-77/le-stade-de-france-a-remplace-les-usines-a-gaz-de-saint-denis-93-04-08-2016-6013923.php},
	abstract = {Elles occupaient 50 ha, soit 8 \% du territoire de Saint-Denis (Seine-Saint-Denis). Les usines à gaz du Landy et du Cornillon alimentaient to},
	journaltitle = {leparisien.fr},
	author = {Bontinck, Jean-Gabriel},
	urldate = {2024-05-22},
	date = {2016-08-04},
	langid = {french},
	note = {Section: /seine-et-marne-77/},
	keywords = {\_lu, \_nettoyé},
	file = {Snapshot:/Users/charlotteberthier/Zotero/storage/4Z99DJVP/le-stade-de-france-a-remplace-les-usines-a-gaz-de-saint-denis-93-04-08-2016-6013923.html:text/html},
}

@book{brunet_saint-denis_1980,
	location = {Paris},
	title = {Saint-Denis, la ville rouge: socialisme et communisme en banlieue ouvrière, 1890-1939},
	isbn = {978-2-01-006109-7},
	shorttitle = {Saint-Denis, la ville rouge},
	pagetotal = {462},
	publisher = {Hachette},
	author = {Brunet, Jean-Paul},
	date = {1980},
	keywords = {\_nettoyé, Communism, France Saint-Denis, Politics and government, Saint-Denis (France), Socialism},
}

@online{brgm_casias_nodate,
	title = {{CASIAS} - Carte des Anciens Sites Industriels et Activités de Services {\textbar} {SSP}-{InfoTerre}},
	url = {https://ssp-infoterre.brgm.fr/fr/base-de-donnees/casias},
	abstract = {Ministère en charge de l'environnement, {BRGM}},
	titleaddon = {Info Terre Sites et Sols Pollués},
	type = {Institutionnel},
	author = {{BRGM}},
	urldate = {2024-05-26},
	langid = {french},
	file = {Snapshot:/Users/charlotteberthier/Zotero/storage/2NSZHCAF/casias.html:text/html},
}

@book{oge_sites_2004,
	location = {Paris},
	title = {Sites pollués en France: enquête sur un scandale sanitaire},
	isbn = {978-2-290-34296-1},
	series = {Librio},
	shorttitle = {Sites pollués en France},
	publisher = {{EJL}},
	author = {Ogé, Frédéric and Simon, Pierre},
	date = {2004},
	keywords = {\_nettoyé, \_lu},
}

@book{gallet_atlas_2020,
	location = {Paris},
	title = {Atlas du Grand Paris: une métropole en mutations},
	isbn = {978-2-7467-5511-6},
	shorttitle = {Atlas du Grand Paris},
	publisher = {Éditions Autrement},
	author = {Gallet, Paul and Piolet, Hugues and Behar, Daniel and Delpirou, Aurélien},
	date = {2020},
	note = {Num Pages: 1
Series: Collection Atlas/Monde},
	keywords = {France Paris, \_nettoyé, Atlases, City planning, Maps, Paris (France)},
}

@report{brgm_bases_2008,
	title = {Bases de données relatives à la qualité des sols : contenu et utilisation dans le cadre de la gestion des sols pollués},
	url = {https://ssp-infoterre.brgm.fr/sites/default/files/documents/2022-05/bd_sol_existantes_et_gestion.pdf},
	number = {V.0.1},
	institution = {{BRGM}},
	author = {{BRGM}},
	date = {2008-04},
	keywords = {\_nettoyé},
	file = {bd_sol_existantes_et_gestion.pdf:/Users/charlotteberthier/Zotero/storage/EP7W3A6B/bd_sol_existantes_et_gestion.pdf:application/pdf},
}

@report{albiner_r_consolidation_2018,
	title = {Consolidation de la matrice corrélant activités et polluants potentiels},
	abstract = {Mise à jour de la {BDD} {ActiviPoll} en 2018.},
	pages = {109},
	number = {{BRGM}/{RP}-68185-{FR}},
	institution = {{BRGM}},
	type = {Rapport final},
	author = {{Albiner R.} and {Aubert N.}},
	date = {2018-08},
	keywords = {\_nettoyé},
	file = {BRGM_Consolidation_Activi_PolluantsRP-68185-FR.pdf:/Users/charlotteberthier/Zotero/storage/JKEACGJM/RP-68185-FR.pdf:application/pdf},
}

@report{aubert_n_elaboration_2014,
	title = {Elaboration d’une base de données corrélant activités et polluants potentiels},
	abstract = {Création de la {BDD} {ActiviPoll} v1},
	pages = {110},
	number = {{BRGM}/{RP}-64125-{FR}},
	institution = {{BRGM}},
	type = {Rapport final},
	author = {{Aubert, N.} and {Koch-Mathian, J-Y}},
	date = {2014-11},
	file = {BRGM_CorréActiviPollu_RP-64125-FR.pdf:/Users/charlotteberthier/Zotero/storage/EFUWGSIB/RP-64125-FR.pdf:application/pdf},
}

@report{ept_plaine_commune_plui_2020,
	title = {{PLUI} Plaine Commune, Etat initial de l'environnement},
	abstract = {L’État Initial de l’Environnement vise à faire l’état des lieux exhaustifs des thématiques environnementales indiquées par le code de l’urbanisme.

L’État Initial de l’Environnement est organisé en 4 grandes parties : 1. Le milieu physique de Plaine Commune, en analysant les sols, l’hydrologie ou encore le climat 2. L’environnement naturel et paysager en analysant notamment l’occupation des sols 3. L’environnement urbain en analysant le fonctionnement du territoire en énergie, assainissement ou en gestion des déchets 4. La santé des populations en analysant notamment l’exposition des populations aux dangers pour leur santé},
	type = {Rapport de présentation},
	author = {{EPT Plaine Commune}},
	date = {2020-02-25},
	file = {1-3_Etat_Initial_de_l_Environnement.pdf:/Users/charlotteberthier/Zotero/storage/IMRWUNUH/1-3_Etat_Initial_de_l_Environnement.pdf:application/pdf},
}

@report{husson_jean-louis_moins_2009,
	title = {Moins de friches industrielles en Île-de-France},
	abstract = {En dix ans, le phénomène des friches industrielles s’est nettement réduit. La pression du marché, mais aussi les besoins en logements poussent à la conversion des sites. En revanche, de nouvelles formes de friches apparaissent.},
	number = {467},
	institution = {Institut d'Aménagement et d'Urbanisme d'ïle-de-France},
	type = {Note Rapide},
	author = {{Husson, Jean-Louis} and {Roméra, Anne-Marie}},
	date = {2009-04},
	file = {IAU_NOte_rapide_467_FrichesIndustrielles.pdf:/Users/charlotteberthier/Zotero/storage/W46CU3JC/IAU_NOte_rapide_467_FrichesIndustrielles.pdf:application/pdf},
}

@report{direction_generale_de_la_prevention_des_risques_bureau_du_sol_et_du_sous-sol_guide_2018,
	title = {Guide méthodologique à l’attention des collectivités relatif aux secteurs d’information sur les sols ({SIS}) et à la carte des anciens sites industriels et activités de service ({CASIAS})},
	author = {{Direction générale de la prévention des risques, Bureau du Sol et du Sous-sol}},
	date = {2018-04},
	file = {20180420_GuideCollectivites_v2_vf.pdf:/Users/charlotteberthier/Zotero/storage/9MRQZ4Q9/20180420_GuideCollectivites_v2_vf.pdf:application/pdf},
}

@report{ineris_caracterisation_2016,
	title = {Caractérisation des inégalités environnementales : inventaire des bases de données nationales environnementales et spatialisées},
	number = {{INERIS}-{DRC}-15-152407-11231C},
	institution = {{INERIS}},
	author = {{INERIS}},
	date = {2016-05-15},
	file = {drc-15-152407-11231c-fiches-inventairesvf2-1472201128.pdf:/Users/charlotteberthier/Zotero/storage/H56ILD2N/drc-15-152407-11231c-fiches-inventairesvf2-1472201128.pdf:application/pdf},
}

@book{desrosieres_politique_2010,
	location = {Paris},
	title = {La politique des grands nombres: histoire de la raison statistique},
	isbn = {978-2-7071-6504-6},
	shorttitle = {La politique des grands nombres},
	pagetotal = {456},
	publisher = {La Découverte/Poche},
	author = {Desrosières, Alain},
	date = {2010},
	langid = {french},
	keywords = {\_nettoyé},
}

@report{horel_stephane_methodology_2023,
	title = {Methodology : the map of forever pollution},
	url = {https://foreverpollution.eu/methodology/peer-reviewed/},
	institution = {Le Monde},
	author = {{Horel Stéphane}},
	date = {2023-02-23},
	langid = {french},
}

@article{horel_stephane__2023,
	title = {« Polluants éternels » : explorez la carte d’Europe de la contamination par les {PFAS}},
	url = {https://www.lemonde.fr/les-decodeurs/article/2023/02/23/polluants-eternels-explorez-la-carte-d-europe-de-la-contamination-par-les-pfas_6162942_4355770.html},
	journaltitle = {Le Monde},
	author = {{Horel, Stéphane} and {Dagorn, Gary} and {Aubert, Raphaëlle} and {Martignon, Luc} and {Steffen Thomas}},
	urldate = {2024-06-08},
	date = {2023-02-23},
	langid = {french},
	file = {« Polluants éternels » \: explorez la carte d’Europe de la contamination par les PFAS:/Users/charlotteberthier/Zotero/storage/VY3IRXEH/polluants-eternels-explorez-la-carte-d-europe-de-la-contamination-par-les-pfas_6162942_4355770.html:text/html},
}

@report{ars_idf_contamination_2023,
	title = {Contamination des œufs de poules par des polluants organiques persistants. Étude dans 25 poulaillers domestiques en Île-de-France},
	url = {https://www.iledefrance.ars.sante.fr/system/files/2023-11/RAPPORT%20-%20Contamination%20des%20oeufs%20de%20poules%20par%20des%20polluants%20organiques%20persistants%20-%20Novembre%202023_0.pdf},
	shorttitle = {Contamination des œufs de poules par des polluants organiques persistants},
	number = {{HPC}-F 2A/2.22.5670 a},
	institution = {{ARS} Île-de-France},
	type = {Rapport d'étude},
	author = {{ARS IDF}},
	date = {2023-11},
	langid = {french},
	file = {RAPPORT - Contamination des oeufs de poules par des polluants organiques persistants - Novembre 2023_0.pdf:/Users/charlotteberthier/Zotero/storage/CZ9BV5X8/RAPPORT - Contamination des oeufs de poules par des polluants organiques persistants - Novembre 2023_0.pdf:application/pdf},
}

@online{collectif_de_journalistes_forever_2023,
	title = {The Forever Pollution Project},
	url = {https://foreverpollution.eu},
	titleaddon = {The Forever Pollution Project, Journalists tracking {PFAS} across Europe},
	author = {{Collectif de journalistes}},
	urldate = {2024-06-01},
	date = {2023},
	langid = {french},
}

@article{le_monde_deputes_2024,
	title = {Les députés votent une première interdiction des « polluants éternels », mais épargnent les ustensiles de cuisine},
	url = {https://www.lemonde.fr/planete/article/2024/04/04/les-deputes-votent-une-interdiction-des-polluants-eternels-sauf-dans-les-ustensiles-alimentaires_6226016_3244.html},
	abstract = {Malgré l’opposition du gouvernement, la proposition de loi visant à interdire l’utilisation des {PFAS} a été adoptée, jeudi, par l’Assemblée nationale. L’exemption des poêles antiadhésives a été saluée par l’industriel {SEB}, mobilisé contre le texte.},
	journaltitle = {Le Monde.fr},
	author = {{Le Monde}},
	urldate = {2024-06-08},
	date = {2024-04-04},
	langid = {french},
	file = {Snapshot:/Users/charlotteberthier/Zotero/storage/NATK3GKJ/les-deputes-votent-une-interdiction-des-polluants-eternels-sauf-dans-les-ustensiles-alimentaire.html:text/html},
}

@article{le_monde_pfas_2024,
	title = {{PFAS} : le Sénat adopte à son tour la proposition de loi visant à restreindre l’usage des « polluants éternels »},
	url = {https://www.lemonde.fr/planete/article/2024/05/30/pfas-le-senat-adopte-a-son-tour-la-proposition-de-loi-visant-a-restreindre-l-usage-des-polluants-eternels_6236364_3244.html},
	shorttitle = {{PFAS}},
	abstract = {Les sénateurs ont en revanche refusé de réintroduire dans le texte l’interdiction des {PFAS} dans les ustensiles de cuisine.},
	journaltitle = {Le Monde.fr},
	author = {{Le Monde}},
	urldate = {2024-06-08},
	date = {2024-05-30},
	langid = {french},
	file = {Snapshot:/Users/charlotteberthier/Zotero/storage/JYBFKCTA/pfas-le-senat-adopte-a-son-tour-la-proposition-de-loi-visant-a-restreindre-l-usage-des-polluant.html:text/html},
}

@legislation{thierry_proposition_nodate,
	title = {Proposition de loi n°1138 visant à lutter contre les risques liés aux substances per- et polyfluoroalkylées},
	url = {https://www.assemblee-nationale.fr/dyn/16/textes/l16b1138_proposition-loi},
	author = {Thierry, Nicolas},
	langid = {french},
}

@online{institut_paris_regions_observatoire_2021,
	title = {Observatoire des friches franciliennes},
	url = {https://www.institutparisregion.fr/amenagement-et-territoires/observatoire-des-friches-franciliennes/},
	author = {{Institut Paris Regions}},
	date = {2021-11},
	langid = {french},
}

@online{inrae_one_nodate,
	title = {One Health, une seule santé},
	url = {https://www.inrae.fr/alimentation-sante-globale/one-health-seule-sante},
	abstract = {Le concept One Health, c’est penser la santé à l’interface entre celle des animaux, de l’Homme et de leur environnement, à l’échelle locale nationale et mondiale. Cette manière d’aborder la santé dans le contexte mondial actuel de la pandémie liée à la Covid 19, permet de raisonner l’ensemble du système et trouver des solutions qui répondent à la fois à des enjeux de santé et des enjeux environnementaux.},
	titleaddon = {{INRAE} Institutionnel},
	author = {{INRAE}},
	urldate = {2024-06-08},
	langid = {french},
	file = {Snapshot:/Users/charlotteberthier/Zotero/storage/X7LY2Q7V/one-health-seule-sante.html:text/html},
}

@book{gribaudi_paris_2014,
	location = {Paris},
	title = {Paris ville ouvrière: une histoire occultée, 1789-1848},
	isbn = {978-2-7071-6700-2},
	shorttitle = {Paris ville ouvrière},
	publisher = {la Découverte},
	author = {Gribaudi, Maurizio},
	date = {2014},
}

@collection{tabeaud_lusine_2001,
	location = {Paris},
	title = {L’usine dans l’espace francilien},
	rights = {https://www.openedition.org/12554},
	isbn = {979-10-351-0118-3},
	url = {https://books.openedition.org/psorbonne/30835},
	series = {Géographie},
	abstract = {Si usiner, c’est encore pour beaucoup travailler durement, on ne peut plus aujourd’hui porter le même regard sur ce que ce terme évoque. L’usine qui, tout au long du xxe siècle, a rythmé les grands moments de l’Histoire, s’éteint tout doucement. Aujourd’hui, le monde de l’usine symbolise une époque, celle de l’activité industrielle des ouvriers, puis celle des licenciements de masse. C’est un monde de dur labeur, une histoire collective à comprendre de l’intérieur. Cet ouvrage, prenant à témoin l’espace francilien, nous explique le développement de l’usine et de son activité. Il nous plonge dans le passé des usines en disséquant son histoire, nous offre un regard pluriforme sur les nouvelles activités liées aux restructurations. Il nous permet égale- ment de saisir, par exemple, comment les anciennes usines de Boulogne- Billancourt peuvent devenir une fondation d’art contemporain. Dans le cadre du programme pluri-formations de l’Université Paris I-Panthéon Sorbonne (« Environnement francilien, de la gestion à la perception »), un groupe de chercheurs (économistes, géographes, historiens, plasticiens, esthéticiens, sociologues), sous l’égide du {CERAP} (Centre d’Etudes et de Recherches en Arts Plastiques) ont choisi que « l’Usine à chômage » s’empare de ce sujet lourd de signification. Alors que notre société est à l’heure de la « mondialisation » et que l’usine change de peau, ce thème aurait pu n’entraîner qu’un simple bilan scientifique. Il fait plus, il engage le débat.},
	pagetotal = {148},
	publisher = {Éditions de la Sorbonne},
	editor = {Tabeaud, Martine and Conte, Richard and Toma, Yann},
	urldate = {2024-06-08},
	date = {2001},
	langid = {french},
	keywords = {architecture industrielle, espace francilien, mondialisation, travail, usine},
}

@article{gribaudi_ruptures_2009,
	title = {Ruptures et continuités dans l’évolution de l’espace parisien. L’îlot de la Trinité entre les xviiie et xixe siècles: {OpenAIRE}},
	issn = {0982-1783},
	doi = {10.4000/histoiremesure.3959},
	shorttitle = {Ruptures et continuités dans l’évolution de l’espace parisien. L’îlot de la Trinité entre les xviiie et xixe siècles},
	abstract = {L’évolution de Paris au cours de la période contemporaine est souvent lue et interprétée comme un processus unique au cours duquel la ville de l’Ancien Régime se restructure pour se transformer progressivement en capitale du xixe siècle. Cette vision, bien connue et presque iconique, conjugue le développement des riches quartiers de l’Ouest avec l’essor de nouvelles formes architecturales et commerciales. Moins connue est la formation des pratiques et des images de cette nouvelle modernité urbaine ; celle-ci s’associe à la perte de lisibilité pour la partie la plus ancienne et populaire de la ville. Dans les représentations des contemporains, ces quartiers constituent un espace structurel immobile où s’entasse de manière désordonnée une population bariolée de commerçants, d’artisans, de manœuvres et de marginaux. Une étude approfondie, menée sur un îlot du centre parisien entre la fin du xviiie et la première moitié du xixe siècle, montre que, loin d’être délaissés et chaotiques, ces anciens quartiers se révèlent être des lieux dynamiques qui témoignent de l’essor d’une modernité « autre » que celle développée dans les nouveaux quartiers de l’Ouest.},
	journaltitle = {Histoire \& mesure},
	shortjournal = {{OpenAIRE}},
	author = {Gribaudi, Maurizio},
	date = {2009-12-31},
	note = {Publisher: Éditions de l’{EHESS}},
	keywords = {Europe, France, histoire urbaine, Paris},
	file = {Texte intégral:/Users/charlotteberthier/Zotero/storage/PP9Z4KEP/Gribaudi - 2009 - Ruptures et continuités dans l’évolution de l’espa.pdf:application/pdf},
}

@article{adda_usine_1979,
	title = {L'usine disparaît. L'industrialisation remise en question. Saint-Denis, Aubervilliers},
	volume = {5},
	url = {https://www.persee.fr/doc/aru_0180-930x_1979_num_5_1_972},
	doi = {10.3406/aru.1979.972},
	pages = {27--66},
	number = {1},
	journaltitle = {Les Annales de la Recherche Urbaine},
	author = {Adda, Serge and Ducreux, Maurice},
	urldate = {2024-06-08},
	date = {1979},
}

@online{musee_darcheologie_nationale_saint-denis_nodate,
	title = {Saint-Denis, La ville actuelle et ses mutations},
	url = {https://archeologie.culture.gouv.fr/saint-denis/fr/la-ville-actuelle-et-ses-mutations},
	author = {{Musée d'archéologie nationale}},
	urldate = {2024-06-08},
	file = {La ville actuelle et ses mutations | Saint-Denis, une ville au Moyen Âge:/Users/charlotteberthier/Zotero/storage/K2ALUU5E/la-ville-actuelle-et-ses-mutations.html:text/html},
}

@report{ministere_de_lenvironnement_explosion_2006,
	title = {Explosion de la poudrerie de Grenelle Le 31 août 1794},
	url = {https://www.aria.developpement-durable.gouv.fr/wp-content/files_mf/A5692_ips05692_001.pdf},
	number = {5692},
	institution = {Ministère chargé de l'Environnement / {DPPR} / {SEI} / {BARPI}},
	type = {Fiche accident industriel},
	author = {{Ministère de l'Environnement}},
	date = {2006-01},
	file = {A5692_ips05692_001.pdf:/Users/charlotteberthier/Zotero/storage/6VEMK29V/A5692_ips05692_001.pdf:application/pdf},
}

@online{combe_catastrophe_2020,
	title = {Catastrophe de Seveso, Accident industriel},
	url = {https://www.natura-sciences.com/comprendre/catastrophe-de-seveso.html},
	abstract = {La catastrophe de Seveso en 1976, un accident industriel historique. Conséquences des dioxines libérées sur la pollution de l'environnement et la santé.},
	titleaddon = {Natura Sciences},
	author = {Combe, Matthieu},
	urldate = {2024-06-08},
	date = {2020-01-07},
	langid = {french},
	file = {Snapshot:/Users/charlotteberthier/Zotero/storage/NBME6H76/catastrophe-de-seveso.html:text/html},
}

@online{ineris_historique_nodate,
	title = {Historique de l'inspection des installations classées},
	url = {https://aida.ineris.fr/inspection-icpe/inspection-installations-classees/presentation/historique},
	author = {{INERIS}},
	urldate = {2024-06-08},
	file = {Historique | AIDA:/Users/charlotteberthier/Zotero/storage/CRAV8GRJ/historique.html:text/html},
}

@online{brgm_bd_nodate,
	title = {{BD} {ActiviPoll} {\textbar} {SSP}-{InfoTerre}},
	url = {https://ssp-infoterre.brgm.fr/fr/base-de-donnees/bd-activipoll},
	abstract = {{BRGM} - Base de données des corrélations Activités-Polluants - Version 3.},
	author = {{BRGM}},
	urldate = {2024-06-08},
	langid = {french},
	file = {Snapshot:/Users/charlotteberthier/Zotero/storage/R6HSS4I8/bd-activipoll.html:text/html},
}

@article{pauly_anecdotes_1995,
	title = {Anecdotes and the shifting baseline syndrome of fisheries},
	volume = {10},
	rights = {https://www.elsevier.com/tdm/userlicense/1.0/},
	issn = {01695347},
	url = {https://linkinghub.elsevier.com/retrieve/pii/S0169534700891715},
	doi = {10.1016/S0169-5347(00)89171-5},
	pages = {430},
	number = {10},
	journaltitle = {Trends in Ecology \& Evolution},
	shortjournal = {Trends in Ecology \& Evolution},
	author = {Pauly, Daniel},
	urldate = {2024-06-08},
	date = {1995-10},
	langid = {english},
	file = {Pauly - 1995 - Anecdotes and the shifting baseline syndrome of fi.pdf:/Users/charlotteberthier/Zotero/storage/DNUAGDWH/Pauly - 1995 - Anecdotes and the shifting baseline syndrome of fi.pdf:application/pdf},
}

@book{carson_silent_1962,
	location = {Greenwich (Conn), Etats-Unis d'Amérique},
	title = {Silent Spring},
	pagetotal = {304},
	publisher = {Fawcett},
	author = {Carson, Rachel Louise},
	date = {1962},
	file = {Library Catalog Entry Snapshot:/Users/charlotteberthier/Zotero/storage/PP5XUAEP/SRCH.html:text/html},
}

@online{clerc_lieu_2004,
	title = {Lieu},
	url = {https://hypergeo.eu/lieu/},
	abstract = {Dans leurs écrits, les géographes «classiques» et nombre d’auteurs contemporains ne cessent de faire référence à ce que le sens commun définit comme des lieux, c’est-à-dire des portions déterminées et singulières de l’espace auxquelles sont associés des toponymes. Pourtant, pendant longtemps le terme de «lieu» n’est presque pas employé («contrée» ou pays peuvent faire figure […]},
	titleaddon = {{HyperGeo}},
	author = {Clerc, Pascal},
	urldate = {2024-06-08},
	date = {2004-08-27},
	langid = {french},
	file = {Snapshot:/Users/charlotteberthier/Zotero/storage/W758VA78/lieu.html:text/html},
}

@book{grataloup_christian_introduction_2023,
	title = {Introduction à la géohistoire},
	url = {https://www.dunod.com/histoire-geographie-et-sciences-politiques/introduction-geohistoire-0},
	abstract = {La « géohistoire », expression née sous la plume de Fernand Braudel, s’intéresse aux interactions entre les dimensions géographique et historique pour proposer une analyse des sociétés sur le temps long et à différentes échelles. À l’ère de la...},
	author = {{Grataloup, Christian}},
	urldate = {2024-06-08},
	date = {2023},
	langid = {french},
	file = {Snapshot:/Users/charlotteberthier/Zotero/storage/8QXN496C/introduction-geohistoire-0.html:text/html},
}

@thesis{gravier_deux_2018,
	title = {Deux mille ans d'une ville en système},
	institution = {Paris 1 Panthéon Sorbonne},
	type = {phdthesis},
	author = {Gravier, Julie},
	date = {2018},
	langid = {french},
	file = {Gravier - Deux mille ans d'une ville en système.pdf:/Users/charlotteberthier/Zotero/storage/RFB6YC4M/Gravier - Deux mille ans d'une ville en système.pdf:application/pdf},
}
